@misc{terese,
    author  = {Terese}
}
@online{exp_parsing,
	author = {Theodore Norvell},
	title = {Parsing Expressions by Recursive Descent},
	url = {http://www.engr.mun.ca/~theo/Misc/exp_parsing.htm},
	urldate = {2018-04-14}
}
@online{top_down_parsing,
	author = {Keith Clarke},
	title = {The top-down parsing of expressions},
	url = {http://www.antlr.org/papers/Clarke-expr-parsing-1986.pdf},
	urldate = {2018-04-14}
}
@online{tiobe,
	author = {TIOBE - The Software Quality Company},
	title = {TIOBE Index},
	url = {https://www.tiobe.com/tiobe-index/},
	urldate = {2018-04-15}
}
@online{the_cpp_programming_language_wiki,
	title = {The C++ Programming Language},
	url = {https://en.wikipedia.org/wiki/The_C%2B%2B_Programming_Language},
	urldate = {2018-04-15}
}
@online{cpp_wiki,
	title = {C++},
	url = {https://en.wikipedia.org/wiki/C%2B%2B},
	urldate = {2018-04-15}
}
@online{cpp_evolution,
	title = {Evolving a language in and for the real world: C++ 1991-2006},
	autor = {Bjarne Stroustrup},
	url = {http://stroustrup.com/hopl-almost-final.pdf},
	urldate = {2018-04-15}	
}
@online{qt_pron,
	title = {About Us},
	url = {https://www.qt.io/company/},
	urldate = {2018-04-15}
}
@online{qt_moc,
	title = {Using the Meta-Object Compiler (moc)},
	url = {https:/http://doc.qt.io/qt-5/moc.html},
	urldate = {2018-04-15}
}
@online{qt_signals,
	title = {Signals},
	url = 	{https://doc.qt.io/qt-5/signalsandslots.html#signals},
	urldate = {2018-04-15}
}
@online{qt_slots,
	title = {Slots},
	url = {https://doc.qt.io/qt-5/signalsandslots.html#slots},
	urldate = {2018-04-15}
}
@online{qt_klf,
	title = {Qt and LaTeX via KLFBackend},
	url = {https://wiki.qt.io/Qt_and_LaTeX_via_KLFBackend},
	urldate = {2018-04-15}
}
@online{astyle,
	title = {Artistic Style 1.24},
	url = {http://www.cs.utsa.edu/~rmurphy/astyle.html},
	urldate = {2018-04-15}
}
@online{cmake,
	title = {CMake Wiki},
	url = {https://cmake.org/Wiki/CMake},
	urldate = {2018-04-15}
}
@online{ninja,
	title = {The Ninja build system},
	url = {https://ninja-build.org/manual.html},
	urldate = {2018-04-15}
}
@online{clang,
	title = {clang: a C language family frontend for LLVM},
	url = {https://clang.llvm.org/},
	urldate = {2018-04-15}
}
@online{exprtk,
	title = {C++ Mathematical Expression Parsing And Evaluation Library},
	url = {http://www.partow.net/programming/exprtk/index.html},
	urldate = {2018-04-15}
}
@online{exprtk_git,
	title = {C++ Mathematical Expression Parsing And Evaluation Library},
	url = {https://github.com/ArashPartow/exprtk},
	urldate = {2018-04-15}
}
@online{json,
	title = {JSON},
	url = {https://json.org/},
	urldate = {2018-04-15}
}
@online{ecma404,
	title = {The JSON Data 
	Interchange Syntax},
	url = {http://www.ecma-international.org/publications/files/ECMA-ST/ECMA-404.pdf},
	urldate = {2018-04-15}
}



















